<?xml version="1.0" encoding="UTF-8"?><collection xmlns="http://www.loc.gov/MARC21/slim"><record><leader>00460nam--2200181-i-4500</leader><controlfield tag="001">000027565</controlfield><controlfield tag="002">20161230</controlfield><controlfield tag="005">20170118003127</controlfield><controlfield tag="008">060222s1000------------r-----000-0-rus-d</controlfield><datafield ind1=" " ind2=" " tag="040"><subfield code="a">IFIN-HH</subfield></datafield><datafield ind1=" " ind2=" " tag="041"><subfield code="a">rus</subfield></datafield><datafield ind1=" " ind2=" " tag="080"><subfield code="a">53(081):53(081)</subfield></datafield><datafield ind1="1" ind2=" " tag="100"><subfield code="a">Bogoliubov, N. N</subfield></datafield><datafield ind1="1" ind2="0" tag="245"><subfield code="a">Izbrannie trudi v treh tomah. Tom tretii</subfield><subfield code="c">N.N. Bogoliubov</subfield></datafield><datafield ind1=" " ind2=" " tag="260"><subfield code="a">Kiev</subfield><subfield code="b">Naukova Dumka</subfield><subfield code="c">1971</subfield></datafield><datafield ind1=" " ind2=" " tag="300"><subfield code="a">484 p</subfield></datafield><datafield ind1=" " ind2=" " tag="852"><subfield code="a">30687</subfield><subfield code="c">53</subfield></datafield><datafield ind1=" " ind2=" " tag="CAT"><subfield code="a">SYS</subfield><subfield code="c">20170118</subfield><subfield code="h">003127</subfield></datafield></record></collection>